<record><leader>00000cas a2200000 a 4500</leader><controlfield tag="001">11659585</controlfield><controlfield tag="008">850205d18701872inuwr ne      0    0eng c</controlfield><datafield ind1=" " ind2=" " tag="010"><subfield code="a">sn 85038041 </subfield></datafield><datafield ind1=" " ind2=" " tag="040"><subfield code="a">NPY</subfield><subfield code="b">eng</subfield><subfield code="c">NPY</subfield><subfield code="d">NPI</subfield><subfield code="d">OCLCQ</subfield><subfield code="d">P4I</subfield><subfield code="d">OCLCF</subfield><subfield code="d">OCLCO</subfield><subfield code="d">IUL</subfield><subfield code="d">OCL</subfield></datafield><datafield ind1=" " ind2=" " tag="042"><subfield code="a">pcc</subfield></datafield><datafield ind1=" " ind2=" " tag="043"><subfield code="a">n-us-in</subfield></datafield><datafield ind1="0" ind2=" " tag="130"><subfield code="a">Indiana press (Greencastle, Ind. : 1870)</subfield></datafield><datafield ind1="1" ind2="0" tag="245"><subfield code="a">Indiana press.</subfield></datafield><datafield ind1=" " ind2=" " tag="260"><subfield code="a">Greencastle [Ind.] :</subfield><subfield code="b">Howard Briggs,</subfield><subfield code="c">1870-1872.</subfield></datafield><datafield ind1=" " ind2=" " tag="300"><subfield code="a">3 volumes</subfield></datafield><datafield ind1=" " ind2=" " tag="310"><subfield code="a">Weekly</subfield></datafield><datafield ind1="0" ind2=" " tag="362"><subfield code="a">Vol. 13, no. 27 (Nov. 2, 1870)-volume 15, no. 34 (Dec. 25, 1872) = whole no. 652-whole no. 760.</subfield></datafield><datafield ind1=" " ind2="0" tag="651"><subfield code="a">Greencastle (Ind.)</subfield><subfield code="v">Newspapers.</subfield></datafield><datafield ind1=" " ind2="0" tag="651"><subfield code="a">Putnam County (Ind.)</subfield><subfield code="v">Newspapers.</subfield></datafield><datafield ind1=" " ind2="7" tag="651"><subfield code="a">Indiana</subfield><subfield code="z">Greencastle.</subfield><subfield code="2">fast</subfield><subfield code="0">(OCoLC)fst01206132</subfield></datafield><datafield ind1=" " ind2="7" tag="651"><subfield code="a">Indiana</subfield><subfield code="z">Putnam County.</subfield><subfield code="2">fast</subfield><subfield code="0">(OCoLC)fst01218230</subfield></datafield><datafield ind1=" " ind2="7" tag="655"><subfield code="a">Newspapers.</subfield><subfield code="2">fast</subfield><subfield code="0">(OCoLC)fst01423814</subfield></datafield><datafield ind1=" " ind2=" " tag="752"><subfield code="a">United States</subfield><subfield code="b">Indiana</subfield><subfield code="c">Putnam</subfield><subfield code="d">Greencastle.</subfield></datafield><datafield ind1="0" ind2="0" tag="780"><subfield code="t">Weekly Indiana press</subfield><subfield code="w">(DLC)sn 86059226</subfield><subfield code="w">(OCoLC)15010465</subfield></datafield><datafield ind1="0" ind2="0" tag="785"><subfield code="t">Press (Greencastle, Ind.)</subfield><subfield code="w">(DLC)sn 84023936</subfield><subfield code="w">(OCoLC)11082786</subfield></datafield><datafield ind1="4" ind2="1" tag="856"><subfield code="u">https://access.newspaperarchive.com/us/indiana/greencastle/greencastle-press/</subfield></datafield></record>